@book{Audet2017,
author = {Audet, C. and Hare, W.},
doi = {10.1007/978-3-319-68913-5},
isbn = {978-3-319-68912-8},
publisher = {Springer International Publishing},
title = {{Derivative-Free and Blackbox Optimization}},
year = {2017}
}
@article{Talgorn2017a,
author = {Talgorn, B. and Kokkolaras, M. and DeBlois, A. and Piperni, P.},
doi = {10.1007/s00158-016-1489-z},
issn = {16151488},
journal = {Structural and Multidisciplinary Optimization},
number = {1},
pages = {205--220},
title = {{Numerical investigation of non-hierarchical coordination for distributed multidisciplinary design optimization with fixed computational budget}},
volume = {55},
year = {2017}
}
@article{Tosserams2010,
author = {Tosserams, S. and Kokkolaras, M. and Etman, L. F.P. and Rooda, J. E.},
doi = {10.1115/1.4001346},
issn = {10500472},
journal = {Journal of Mechanical Design, Transactions of the ASME},
month = {may},
number = {5},
pages = {0510021--05100213},
publisher = {American Society of Mechanical Engineers Digital Collection},
title = {{A nonhierarchical formulation of analytical target cascading}},
url = {http://asmedigitalcollection.asme.org/mechanicaldesign/article-pdf/132/5/051002/5592908/051002{\_}1.pdf},
volume = {132},
year = {2010}
}
